@article{HAUCKE2022101536,
title = {Overcoming the distance estimation bottleneck in estimating animal abundance with camera traps},
journal = {Ecological Informatics},
volume = {68},
pages = {101536},
year = {2022},
issn = {1574-9541},
doi = {https://doi.org/10.1016/j.ecoinf.2021.101536},
url = {https://www.sciencedirect.com/science/article/pii/S1574954121003277},
author = {Timm Haucke and Hjalmar S. KÃ¼hl and Jacqueline Hoyer and Volker Steinhage},
keywords = {Animal density, Animal abundance, Camera trapping, Unmarked animal populations, Automated distance estimation}
}
